Date,Net Sales,Orders,Guests
01/01/2024,0,0,0,
01/02/2024,656.12,19,19,
01/03/2024,666.52,17,17,
01/04/2024,373.35,12,12,
01/05/2024,817.98,24,24,
01/06/2024,932.27,28,28,
01/07/2024,709.02,24,24,
01/08/2024,0,0,0,
01/09/2024,312.79,16,16,
01/10/2024,461.23,18,18,
01/11/2024,323.32,10,10,
01/12/2024,1112.3,35,35,
01/13/2024,1203.78,32,32,
01/14/2024,569.07,17,17,
01/15/2024,0,0,0,
01/16/2024,147.88,7,7,
01/17/2024,303.78,10,10,
01/18/2024,327.74,10,10,
01/19/2024,835.5,30,30,
01/20/2024,1286.22,38,38,
01/21/2024,636.11,19,19,
01/22/2024,0,0,0,
01/23/2024,359.27,12,12,
01/24/2024,338.78,10,10,
01/25/2024,555.72,17,17,
01/26/2024,711.91,27,27,
01/27/2024,805.01,22,22,
01/28/2024,805.43,27,27,
01/29/2024,0,0,0,
01/30/2024,375.17,18,18,
01/31/2024,296.76,10,10,
02/01/2024,333.31,11,11,
02/02/2024,872.78,34,34,
02/03/2024,952.89,24,24,
02/04/2024,958.91,28,28,
02/05/2024,0,0,0,
02/06/2024,498.16,16,16,
02/07/2024,410.75,14,14,
02/08/2024,420.66,15,15,
02/09/2024,1394.1,41,41,
02/10/2024,1333.69,34,34,
02/11/2024,2289.74,41,41,
02/12/2024,0,0,0,
02/13/2024,285.76,8,8,
02/14/2024,762.6,23,23,
02/15/2024,537.58,15,15,
02/16/2024,1539.57,50,50,
02/17/2024,1096.52,28,28,
02/18/2024,891.87,29,29,
02/19/2024,0,0,0,
02/20/2024,334.77,13,13,
02/21/2024,410.12,19,19,
02/22/2024,430.18,23,23,
02/23/2024,941.98,30,30,
02/24/2024,864.44,24,24,
02/25/2024,555.11,18,18,
02/26/2024,0,0,0,
02/27/2024,190.84,8,8,
02/28/2024,407.78,13,13,
02/29/2024,422.72,16,16,
03/01/2024,1084.36,29,29,
03/02/2024,1392.56,41,41,
03/03/2024,913.37,32,32,
03/04/2024,0,0,0,
03/05/2024,508.66,16,16,
03/06/2024,453.18,18,18,
03/07/2024,755.6,17,17,
03/08/2024,809.82,28,28,
03/09/2024,1271.27,41,41,
03/10/2024,908.37,33,33,
03/11/2024,0,0,0,
03/12/2024,130.94,5,5,
03/13/2024,3824.25,15,15,
03/14/2024,827.52,30,30,
03/15/2024,929.41,24,24,
03/16/2024,775.97,24,24,
03/17/2024,804.05,25,25,
03/18/2024,0,0,0,
03/19/2024,505.23,15,15,
03/20/2024,301.3,11,11,
03/21/2024,491.32,16,16,
03/22/2024,954.85,29,29,
03/23/2024,1311.18,29,29,
03/24/2024,575.19,19,19,
03/25/2024,0,0,0,
03/26/2024,263.38,8,8,
03/27/2024,880.91,23,23,
03/28/2024,974.51,23,23,
03/29/2024,622.59,19,19,
03/30/2024,761.5,21,21,
03/31/2024,858.95,26,26,
04/01/2024,0,0,0,
04/02/2024,917.02,27,27,
04/03/2024,980.11,20,20,
04/04/2024,499.63,15,15,
04/05/2024,1274.66,26,26,
04/06/2024,989.37,29,29,
04/07/2024,733.52,21,21,
04/08/2024,0,0,0,
04/09/2024,251.85,9,9,
04/10/2024,493.25,16,16,
04/11/2024,490.68,16,16,
04/12/2024,1073.8,32,32,
04/13/2024,1056.7,28,28,
04/14/2024,666.09,18,18,
04/15/2024,0,0,0,
04/16/2024,365.83,10,10,
04/17/2024,523.17,22,22,
04/18/2024,313.77,12,12,
04/19/2024,1307.63,37,37,
04/20/2024,1212.92,32,32,
04/21/2024,944.77,26,26,
04/22/2024,0,0,0,
04/23/2024,421.78,13,13,
04/24/2024,295.35,9,9,
04/25/2024,442.26,15,15,
04/26/2024,850.52,23,23,
04/27/2024,670.04,17,17,
04/28/2024,845.43,24,24,
04/29/2024,0,0,0,
04/30/2024,294.81,10,10,
05/01/2024,953.47,22,22,
05/02/2024,267.33,11,11,
05/03/2024,892.81,25,25,
05/04/2024,944.35,24,24,
05/05/2024,657.85,21,21,
05/06/2024,0,0,0,
05/07/2024,349.26,13,13,
05/08/2024,476.31,13,13,
05/09/2024,530.77,16,16,
05/10/2024,859.5,26,26,
05/11/2024,691.08,24,24,
05/12/2024,1174.74,34,34,
05/13/2024,0,0,0,
05/14/2024,251.81,9,9,
05/15/2024,540.63,17,17,
05/16/2024,346.28,12,12,
05/17/2024,772.93,29,29,
05/18/2024,1031.55,25,25,
05/19/2024,791.46,23,23,
05/20/2024,0,0,0,
05/21/2024,125.91,5,5,
05/22/2024,442.72,14,14,
05/23/2024,504.6,17,17,
05/24/2024,1001.34,26,26,
05/25/2024,677.5,22,22,
05/26/2024,612.08,19,19,
05/27/2024,0,0,0,
05/28/2024,992.69,21,21,
05/29/2024,330.28,10,10,
05/30/2024,515.71,14,14,
05/31/2024,1423.93,32,32,
06/01/2024,1469.61,34,34,
06/02/2024,606.16,17,17,
06/03/2024,0,0,0,
06/04/2024,558.82,21,21,
06/05/2024,301.32,9,9,
06/06/2024,674.93,15,15,
06/07/2024,931.22,23,23,
06/08/2024,1071.8,32,32,
06/09/2024,1032.92,25,25,
06/10/2024,0,0,0,
06/11/2024,148.91,5,5,
06/12/2024,709.65,10,10,
06/13/2024,200.88,7,7,
06/14/2024,1341.58,38,38,
06/15/2024,780.5,21,21,
06/16/2024,1239.16,34,34,
06/17/2024,0,0,0,
06/18/2024,394.77,10,10,
06/19/2024,546.34,10,10,
06/20/2024,643.56,21,21,
06/21/2024,1187.69,33,33,
06/22/2024,788.87,28,28,
06/23/2024,769.5,23,23,
06/24/2024,0,0,0,
06/25/2024,533.67,15,15,
06/26/2024,494.2,12,12,
06/27/2024,303.3,11,11,
06/28/2024,878.62,27,27,
06/29/2024,822.41,27,27,
06/30/2024,1203.03,19,19,
07/01/2024,0,0,0,
07/02/2024,255.86,8,8,
07/03/2024,657.58,20,20,
07/04/2024,0,0,0,
07/05/2024,1193.76,36,36,
07/06/2024,842.55,22,22,
07/07/2024,771.51,19,19,
07/08/2024,0,0,0,
07/09/2024,457.68,13,13,
07/10/2024,330.27,12,12,
07/11/2024,880.29,24,24,
07/12/2024,981.88,30,30,
07/13/2024,1155.56,37,37,
07/14/2024,954.95,29,29,
07/15/2024,0,0,0,
07/16/2024,472.25,16,16,
07/17/2024,533.25,17,17,
07/18/2024,721.54,20,20,
07/19/2024,883.98,26,26,
07/20/2024,947.9,29,29,
07/21/2024,989.9,32,32,
07/22/2024,0,0,0,
07/23/2024,467.71,14,14,
07/24/2024,456.19,15,15,
07/25/2024,516.17,16,16,
07/26/2024,1057.94,23,23,
07/27/2024,1451.99,37,37,
07/28/2024,1055.36,29,29,
07/29/2024,0,0,0,
07/30/2024,376.78,14,14,
07/31/2024,376.27,10,10,
08/01/2024,774.08,15,15,
08/02/2024,490.13,14,14,
08/03/2024,837.41,29,29,
08/04/2024,505.68,17,17,
08/05/2024,0,0,0,
08/06/2024,918.92,16,16,
08/07/2024,176.37,5,5,
08/08/2024,439.67,17,17,
08/09/2024,1058.48,31,31,
08/10/2024,807.52,28,28,
08/11/2024,591.6,18,18,
08/12/2024,9.99,1,1,
08/13/2024,267.88,6,6,
08/14/2024,330.27,8,8,
08/15/2024,606.56,16,16,
08/16/2024,928.82,35,35,
08/17/2024,1530.56,35,35,
08/18/2024,910.81,25,25,
08/19/2024,0,0,0,
08/20/2024,558.18,18,18,
08/21/2024,228.71,9,9,
08/22/2024,265.83,8,8,
08/23/2024,825.86,30,30,
08/24/2024,1059.75,12,12,
08/25/2024,595.19,20,20,
08/26/2024,0,0,0,
08/27/2024,320.78,13,13,
08/28/2024,377.3,14,14,
08/29/2024,352.3,11,11,
08/30/2024,1420.1,37,37,
08/31/2024,1492.1,35,35,
09/01/2024,1236.51,31,31,
09/02/2024,0,0,0,
09/03/2024,673.12,11,11,
09/04/2024,251.37,8,8,
09/05/2024,333.3,8,8,
09/06/2024,1015.95,28,28,
09/07/2024,1150.59,39,39,
09/08/2024,535.1,21,21,
09/09/2024,0,0,0,
09/10/2024,173.92,6,6,
09/11/2024,349.75,13,13,
09/12/2024,250.79,8,8,
09/13/2024,1048.41,37,37,
09/14/2024,701.15,22,22,
09/15/2024,1015.87,25,25,
09/16/2024,0,0,0,
09/17/2024,164.93,7,7,
09/18/2024,306.84,11,11,
09/19/2024,206.4,7,7,
09/20/2024,1185,25,25,
09/21/2024,1463.38,39,39,
09/22/2024,671.53,22,22,
09/23/2024,0,0,0,
09/24/2024,283.27,10,10,
09/25/2024,199.89,7,7,
09/26/2024,498.75,16,16,
09/27/2024,1360.19,52,52,
09/28/2024,1104.33,41,41,
09/29/2024,652.6,17,17,
09/30/2024,0,0,0,
10/01/2024,319.28,10,10,
10/02/2024,234.3,12,12,
10/03/2024,233.38,8,8,
10/04/2024,1373.72,34,34,
10/05/2024,1495.13,40,40,
10/06/2024,586.07,22,22,
10/07/2024,0,0,0,
10/08/2024,253.85,9,9,
10/09/2024,382.26,11,11,
10/10/2024,431.12,15,15,
10/11/2024,917.27,28,28,
10/12/2024,469.18,16,16,
10/13/2024,822.44,26,26,
10/14/2024,0,0,0,
10/15/2024,254.34,14,14,
10/16/2024,360.28,11,11,
10/17/2024,570.18,12,12,
10/18/2024,1030.35,32,32,
10/19/2024,1112.31,32,32,
10/20/2024,501.76,14,14,
10/21/2024,0,0,0,
10/22/2024,379.21,12,12,
10/23/2024,362.79,16,16,
10/24/2024,505.71,13,13,
10/25/2024,1020.09,32,32,
10/26/2024,1157.11,32,32,
10/27/2024,1206.31,33,33,
10/28/2024,0,0,0,
10/29/2024,268.85,10,10,
10/30/2024,406.27,15,15,
10/31/2024,1356.48,22,22,
11/01/2024,1115.64,22,22,
11/02/2024,756.61,19,19,
11/03/2024,740.84,22,22,
11/04/2024,0,0,0,
11/05/2024,463.56,15,15,
11/06/2024,264.83,10,10,
11/07/2024,303.26,8,8,
11/08/2024,971.48,33,33,
11/09/2024,849.03,25,25,
11/10/2024,724.56,23,23,
11/11/2024,0,0,0,
11/12/2024,145.38,8,8,
11/13/2024,420.3,10,10,
11/14/2024,193.83,5,5,
11/15/2024,819.86,27,27,
11/16/2024,583.52,16,16,
11/17/2024,461.71,16,16,
11/18/2024,49.96,2,2,
11/19/2024,296.24,10,10,
11/20/2024,310.78,9,9,
11/21/2024,514.67,9,9,
11/22/2024,689.46,19,19,
11/23/2024,760.41,22,22,
11/24/2024,705.44,25,25,
11/25/2024,0,0,0,
11/26/2024,432.28,14,14,
11/27/2024,453.28,11,11,
11/28/2024,0,0,0,
11/29/2024,651.6,18,18,
11/30/2024,1263.28,29,29,
12/01/2024,875.31,22,22,
12/02/2024,0,0,0,
12/03/2024,273.27,11,11,
12/04/2024,366.75,13,13,
12/05/2024,404.24,13,13,
12/06/2024,416.67,15,15,
12/07/2024,1111.83,28,28,
12/08/2024,564.57,17,17,
12/09/2024,0,0,0,
12/10/2024,158.92,7,7,
12/11/2024,287.27,9,9,
12/12/2024,546.28,13,13,
12/13/2024,1524.69,29,29,
12/14/2024,733.5,23,23,
12/15/2024,839.39,28,28,
12/16/2024,0,0,0,
12/17/2024,132.88,5,5,
12/18/2024,232.81,7,7,
12/19/2024,520.66,18,18,
12/20/2024,876.52,25,25,
12/21/2024,471.66,16,16,
12/22/2024,1163.75,28,28,
12/23/2024,0,0,0,
12/24/2024,1154.32,34,34,
12/25/2024,1501.6,40,40,
12/26/2024,338.22,10,10,
12/27/2024,769.41,20,20,
12/28/2024,759.91,23,23,
12/29/2024,961.75,16,16,
12/30/2024,0,0,0,
12/31/2024,623.86,16,16,
